@book{jalongo2016writing,
  title={Writing for publication},
  author={Jalongo, Mary Renck and Saracho, Olivia N},
  year={2016},
  publisher={Springer}
}